@article{cite1,
  title   = {SMOTE: synthetic minority over-sampling technique},
  author  = {Chawla, Nitesh V and Bowyer, Kevin W and Hall, Lawrence O and Kegelmeyer, W Philip},
  journal = {Journal of artificial intelligence research},
  volume  = {16},
  pages   = {321--357},
  year    = {2002}
}
