@misc{github,
  author = {舩越康太 and 井藤佳奈子 and 大谷俊輔 and 近藤慎佑 and 高橋和暉 and 瀬戸翔太 and 二平泰知 and 高安亮紀},
  title  = {Julia 言語を使った精度保証付き数値計算のチュートリアル},
  note   = {https://github.com/tak-lab/rigorous_numerics_tutorial_julia},
  year   = {2023/4/13}
}
