@book{FujitaAnalysis2020,
  title     = {関数解析，岩波基礎数学選書},
  author    = {藤田宏 and 黒田成俊 and 伊藤清三},
  year      = {2020},
  publisher = {岩波書店}
}

@book{KurodaAnalysis2020,
  title     = {共立数学講座15，関数解析},
  author    = {黒田成俊},
  year      = {2020},
  publisher = {共立出版}
}

@book{MiyaderaAnalysis2018,
  title     = {関数解析},
  author    = {宮寺功},
  year      = {2018},
  publisher = {筑摩書房}
}

@book{YagiAnalysis2011,
  title     = {岩波数学叢書，放物型発展方程式とその応用（上）},
  author    = {八木厚志},
  year      = {2011},
  publisher = {岩波書店}
}